@digital{CNNIC2024,
  author = {中国互联网络信息中心(CNNIC)},
  title  = {第 54 次《中国互联网络发展状况统计报告》},
  type   = {EB/OL},
  date   = {2024 年 8 月 29 日},
  url    = {https://www.cnnic.net.cn/n4/2024/0829/c88-11065.html}
}

@digital{ChinaCIA2024,
  author = {中国网络安全产业发展联盟},
  title  = {中国网络安全产业分析报告（2024年）},
  type   = {EB/OL},
  date   = {2024年10月25日},
  url    = {https://www.china-cia.org.cn/home/WorkDetail?id=671b5b210200330cd42d1425}
}
}

@digital{statista_ransomware,
  author       = {{Statista}},
  title        = {Businesses affected by ransomware worldwide},
  type = {EB/OL},
  date         = {2024-11-09},
  url          = {https://www.statista.com/statistics/204457/businesses-ransomware-attack-rate/},
}

@article{Haloui2018,
 title={Anomaly detection with Wasserstein GAN},
  author={Haloui, Ilyass and Gupta, Jayant Sen and Feuillard, Vincent},
  journal={arXiv preprint arXiv:1812.02463},
  year={2018}
}

@article{Wu2020,
  author    = {Qiufeng Wu and Yiping Chen and Jun Meng},
  title     = {DCGAN-Based Data Augmentation for Tomato Leaf Disease Identification},
  journal   = {IEEE Access},
  volume    = {8},
  pages     = {98716-98728},
  year      = {2020}
}
@article{Goodfellow2014,
  title={Generative adversarial nets},
  author={Goodfellow, Ian and Pouget-Abadie, Jean and Mirza, Mehdi and Xu, Bing and Warde-Farley, David and Ozair, Sherjil and Courville, Aaron and Bengio, Yoshua},
  journal={Advances in neural information processing systems},
  volume={27},
  year={2014}
}
@inproceedings{Walter2021,
  author    = {Sebastian Walter and Guillaume Mougeot and Yan Sun and Lihong Jiang and Kuo-Ming Chao and Hongming Cai},
  title     = {MidiPGAN: A Progressive GAN Approach to MIDI Generation},
  booktitle = {Proceedings of the 2021 IEEE 24th International Conference on Computer Supported Cooperative Work in Design},
  pages     = {1166-1171},
  year      = {2021}
}

@article{Soltanzadeh2020,
  author    = {Paria Soltanzadeh and Mahdi Hashemzadeh},
  title     = {RCSMOTE: Range-Controlled synthetic minority over-sampling technique for handling the class imbalance problem},
  journal   = {Information Sciences},
  volume    = {542},
  pages     = {92-111},
  year      = {2020}
}

@article{Chawla2002,
  author    = {Nitesh V. Chawla and Kevin W. Bowyer and Lawrence O. Hall and W. Philip Kegelmeyer},
  title     = {SMOTE: Synthetic Minority Over-sampling Technique},
  journal   = {Journal of Artificial Intelligence Research},
  volume    = {16},
  pages     = {321-357},
  year      = {2002}
}

@article{Yu2023,
  author    = {Wei Yu and Haiyan Zhou and Ying Liu and Yutu Yang and Yinxi Shen},
  title     = {Super-Resolution Reconstruction of Particleboard Images Based on Improved SRGAN},
  journal   = {Forests},
  volume    = {14},
  issue     = {9},
  pages     = {1842},
  year      = {2023}
}
@article{ding2021ccdm,
  title={CCDM: Continuous Conditional Diffusion Models for Image Generation},
  author={Ding, Xin and Wang, Yongwei and Zhang, Kao and Wang, Z Jane},
  journal={arXiv preprint arXiv:2405.03546},
  year={2024}
}

@inproceedings{jiang2024fastddpm,
  title={Fast-DDPM: Fast Denoising Diffusion Probabilistic Models for Medical Image-to-Image Generation},
  author={Jiang, Hongxu and Imran, Muhammad and Ma, Linhai and Zhang, Teng and Zhou, Yuyin and Liang, Muxuan and Gong, Kuang and Shao, Wei},
  booktitle={arXiv preprint arXiv:2405.14802},
  pages={arXiv--2405},
  year={2024}
}

@inproceedings{ho2020denoising,
  title={Denoising Diffusion Probabilistic Models},
  author={Ho, Jonathan and Jain, Ajay and Abbeel, Pieter},
  booktitle={Advances in Neural Information Processing Systems},
  volume={33},
  pages={6840--6851},
  year={2020}
}

@article{lee2022priorgrad,
  title={Priorgrad: Improving conditional denoising diffusion models with data-dependent adaptive prior},
  author={Lee, Sang-gil and Kim, Heeseung and Shin, Chaehun and Tan, Xu and Liu, Chang and Meng, Qi and Qin, Tao and Chen, Wei and Yoon, Sungroh and Liu, Tie-Yan},
  journal={arXiv preprint arXiv:2106.06406},
  year={2021}
}
@article{kumar2020integrated,
  title={An integrated rule based intrusion detection system: analysis on UNSW-NB15 data set and the real time online dataset},
  author={Kumar, Vikash and Sinha, Ditipriya and Das, Ayan Kumar and Pandey, Subhash Chandra and Goswami, Radha Tamal},
  journal={Cluster Computing},
  volume={23},
  pages={1397--1418},
  year={2020},
  publisher={Springer}
}

@article{zhang2022realtime,
  title={A real-time abnormal operation pattern detection method for building energy systems based on association rule bases},
  author={Zhang, Chaobo and Zhao, Yang and Zhou, Yangze and Zhang, Xuejun and Li, Tingting},
  journal={Building Simulation},
  volume={15},
  pages={69--81},
  year={2022},
  publisher={Springer}
}

@article{yang2024follow,
  title={Follow the Rules: Reasoning for Video Anomaly Detection with Large Language Models},
  author={Yang, Yuchen and Lee, Kwonjoon and Dariush, Behzad and Cao, Yinzhi and Lo, Shao-Yuan},
  journal={arXiv preprint arXiv:2407.10299},
  year={2024}
}

@article{feng2017selecting,
  title={Selecting Critical Data Flows in Android Applications for Abnormal Behavior Detection},
  author={Feng, Pengbin and Ma, Jianfeng and Sun, Cong},
  journal={Mobile Information Systems},
  volume={2017},
  pages={1--16},
  year={2017},
  publisher={Hindawi}
}
@article{thakkar2023,
  author    = {Ankit Thakkar and Ritika Lohiya},
  title     = {Fusion of statistical importance for feature selection in Deep Neural Network-based Intrusion Detection System},
  journal   = {Information Fusion},
  volume    = {90},
  pages     = {353--363},
  year      = {2023}
}

@article{liu2021,
  author    = {Jingyu Liu and Dongsheng Yang and Mengjia Lian and Mingshi Li},
  title     = {Research on Intrusion Detection Based on Particle Swarm Optimization in IoT},
  journal   = {IEEE Access},
  volume    = {9},
  pages     = {38254--38268},
  year      = {2021}
}

@article{zhang2021,
  author    = {Hao Zhang and Jie-Ling Li and Xi-Meng Liu and Chen Dong},
  title     = {Multi-dimensional feature fusion and stacking ensemble mechanism for network intrusion detection},
  journal   = {Future Generation Computer Systems},
  volume    = {122},
  pages     = {130--143},
  year      = {2021}
}
@article{fu2022deep,
  title={A Deep Learning Model for Network Intrusion Detection with Imbalanced Data},
  author={Fu, Yanfang and Du, Yishuai and Cao, Zijian and Li, Qiang and Xiang, Wei},
  journal={Electronics},
  volume={11},
  pages={898},
  year={2022},
  publisher={MDPI}
}

@inproceedings{sinha2020efficient,
  title={Efficient deep CNN-BiLSTM model for network intrusion detection},
  author={Sinha, Jay and Manollas, M},
  booktitle={Proceedings of the 2020 3rd International Conference on Artificial Intelligence and Pattern Recognition},
  pages={223--231},
  year={2020}
}

@article{ge2021towards,
  title={Towards a deep learning-driven intrusion detection approach for Internet of Things},
  author={Ge, Mengmeng and Syed, Naeem Firdous and Fu, Xiping and Baig, Zubair and Robles-Kelly, Antonio},
  journal={Computer Networks},
  volume={186},
  pages={107784},
  year={2021},
  publisher={Elsevier}
}

@article{salman2022machine,
  title={A machine learning based framework for IoT device identification and abnormal traffic detection},
  author={Salman, Ola and Elhajj, Imad H and Chehab, Ali and Kayssi, Ayman},
  journal={Transactions on Emerging Telecommunications Technologies},
  volume={33},
  number={3},
  pages={e3743},
  year={2022},
  publisher={Wiley Online Library}
}
@inproceedings{waskle2020intrusion,
  title={Intrusion Detection System Using PCA with Random Forest Approach},
  author={Waskle, Subhash and Parashar, Lokesh and Singh, Upendra},
  booktitle={Proceedings of the International Conference on Electronics and Sustainable Communication Systems (ICESC 2020)},
  pages={803--808},
  year={2020},
  organization={IEEE}
}
@article{wang2025dgn,
    author = {Wang, Jingwen and Cao, Zhoulin and Xie, Chunzhi and Li, Yanli and Liu, Jia and Gao, Zhisheng},
    title = {DGN: influence maximization based on deep reinforcement learning},
    journal = {The Journal of Supercomputing},
    year = {2025},
    volume = {81},
    pages = {130},
    doi = {10.1007/s11227-024-06621-9}
}

@article{xu2024hcgae,
    author = {Xu, Zhuo and Bai, Lu and Cui, Lixin and Li, Ming and Wang, Yue and Hancock, Edwin R.},
    title = {HC-GAE: The Hierarchical Cluster-based Graph Auto-Encoder for Graph Representation Learning},
    journal = {arXiv preprint arXiv:2405.14742},
    year = {2024}
}

@inproceedings{busch2021nfgnn,
    author = {Busch, Julian and Kocheturov, Anton and Tresp, Volker and Seidl, Thomas},
    title = {NF-GNN: Network Flow Graph Neural Networks for Malware Detection and Classification},
    booktitle = {33rd International Conference on Scientific and Statistical Database Management (SSDBM 2021)},
    year = {2021},
    pages = {12},
    doi = {10.1145/3468791.3468814}
}

@article{zhao2020tgcn,
    author = {Zhao, Ling and Song, Yujiao and Zhang, Chao and Liu, Yu and Wang, Pu and Lin, Tao and Deng, Min and Li, Haifeng},
    title = {T-GCN: A Temporal Graph Convolutional Network for Traffic Prediction},
    journal = {IEEE Transactions on Intelligent Transportation Systems},
    year = {2020},
    volume = {21},
    number = {9},
    pages = {3848-3858},
    doi = {10.1109/TITS.2019.2935152}
}

@article{liu2020gnnad,
    author = {Liu, Jie and Li, Xi-Wang},
    title = {Anomaly Detection Algorithm in Industrial Control Network Based on Graph Neural Network},
    journal = {Computer Systems \& Applications},
    year = {2020},
    volume = {29},
    number = {12},
    pages = {234-238}
}
@article{gao2020backdoor,
  title={Backdoor Attacks and Countermeasures on Deep Learning: A Comprehensive Review},
  author={Gao, Yansong and Doan, Bao Gia and Zhang, Zhi and Ma, Siqi and Zhang, Jiliang and Fu, Anmin and Nepal, Surya and Kim, Hyoungshick},
  journal={arXiv preprint arXiv:2007.10760v3},
  year={2020}
}
@inproceedings{zhang2011survey,
  title={A survey on latest botnet attack and defense},
  author={Zhang, Lei and Yu, Shui and Wu, Di and Watters, Paul},
  booktitle={2011IEEE 10th International Conference on Trust, Security and Privacy in Computing and Communications},
  pages={53--60},
  year={2011},
  organization={IEEE}
}
@article{陈可2023自动化渗透测试技术研究综述,
  title={自动化渗透测试技术研究综述},
  author={陈可 and 鲁辉 and 方滨兴 and 孙彦斌 and 苏申 and 田志宏},
  journal={软件学报},
  pages={1--21},
  year={2023},
  language={zh}
}
@book{knudsen2011block,
  title={The Block Cipher Companion},
  author={Knudsen, Lars R. and Robshaw, M.J.B.},
  publisher={Springer-Verlag Berlin Heidelberg},
  year={2011}
}
@article{lee2003detection,
  title={Detection and characterization of port scan attacks},
  author={Lee, Cynthia Bailey and Roedel, Chris and Silenok, Elena},
  journal={Univeristy of California, Department of Computer Science and Engineering},
  year={2003},
  publisher={Citeseer}
}
@article{gupta2017cross,
  title={Cross-Site Scripting (XSS) attacks and defense mechanisms: classification and state-of-the-art},
  author={Gupta, Shashank and Gupta, Brij Bhooshan},
  journal={International Journal of System Assurance Engineering and Management},
  volume={8},
  pages={512--530},
  year={2017},
  publisher={Springer}
}
@article{mirkovic2004taxonomy,
  title={A Taxonomy of DDoS Attack and DDoS Defense Mechanisms},
  author={Mirkovic, Jelena and Reiher, Peter},
  journal={ACM SIGCOMM Computer Communication Review},
  volume={34},
  number={2},
  pages={39--53},
  year={2004},
  publisher={ACM}
}

@article{carl2006denial,
  title={Denial-of-Service Attack Detection Techniques},
  author={Carl, Glenn and Brooks, Richard R. and Rai, Suresh and Kesidis, George},
  journal={IEEE Internet Computing},
  volume={10},
  number={1},
  pages={82--89},
  year={2006},
  publisher={IEEE}
}

@article{alghawazi2022detection,
  title={Detection of SQL Injection Attack Using Machine Learning Techniques: A Systematic Literature Review},
  author={Alghawazi, Maha and Alghazzawi, Daniyal and Alariﬁ, Suaad},
  journal={Journal of Cybersecurity and Privacy},
  volume={2},
  pages={764--777},
  year={2022}
}

@article{wang2021attacks,
  title={Attacks and defenses in user authentication systems: A survey},
  author={Wang, Xuerui and Yan, Zheng and Zhang, Rui and Zhang, Peng},
  journal={Journal of Network and Computer Applications},
  volume={188},
  pages={103080},
  year={2021},
  publisher={Elsevier}
}

@article{jafarian2015effective,
  title={An Effective Address Mutation Approach for Disrupting Reconnaissance Attacks},
  author={Jafarian, Jafar Haadi and Al-Shaer, Ehab and Duan, Qi},
  journal={IEEE Transactions on Information Forensics and Security},
  volume={10},
  number={12},
  pages={2562--2577},
  year={2015},
  publisher={IEEE}
}
@inproceedings{leevy2021detecting,
  title={Detecting information theft attacks in the bot-iot dataset},
  author={Leevy, Joffrey L and Hancock, John and Khoshgoftaar, Taghi M and Peterson, Jared},
  booktitle={2021 20th IEEE International Conference on Machine Learning and Applications (ICMLA)},
  pages={807--812},
  year={2021},
  organization={IEEE}
}
@article{gao2023survey,
  title={A survey of graph neural networks for recommender systems: Challenges, methods, and directions},
  author={Gao, Chen and Zheng, Yu and Li, Nian and Li, Yinfeng and Qin, Yingrong and Piao, Jinghua and Quan, Yuhan and Chang, Jianxin and Jin, Depeng and He, Xiangnan and others},
  journal={ACM Transactions on Recommender Systems},
  volume={1},
  number={1},
  pages={1--51},
  year={2023},
  publisher={ACM New York, NY, USA}
}
@article{gong2025network,
  title={A network traffic data generation model based on AOT-DDPM for abnormal traffic detection},
  author={Gong, Xingyu and Chen, Siyu and Li, Na},
  journal={Evolving Systems},
  volume={16},
  number={1},
  pages={15},
  year={2025},
  publisher={Springer}
}
@article{learning2006semi,
  title={Semi-supervised learning},
  author={Learning, Semi-Supervised},
  journal={CSZ2006. html},
  volume={5},
  pages={2},
  year={2006}
}
@article{velivckovic2017graph,
  title={Graph attention networks},
  author={Veli{\v{c}}kovi{\'c}, Petar and Cucurull, Guillem and Casanova, Arantxa and Romero, Adriana and Lio, Pietro and Bengio, Yoshua},
  journal={arXiv preprint arXiv:1710.10903},
  year={2017}
}
@article{sarhan2022towards,
  title={Towards a standard feature set for network intrusion detection system datasets},
  author={Sarhan, Mohanad and Layeghy, Siamak and Portmann, Marius},
  journal={Mobile networks and applications},
  pages={1--14},
  year={2022},
  publisher={Springer}
}
@inproceedings{shahriar2020g,
  title={G-ids: Generative adversarial networks assisted intrusion detection system},
  author={Shahriar, Md Hasan and Haque, Nur Imtiazul and Rahman, Mohammad Ashiqur and Alonso, Miguel},
  booktitle={2020 IEEE 44th Annual Computers, Software, and Applications Conference (COMPSAC)},
  pages={376--385},
  year={2020},
  organization={IEEE}
}
@article{msika2019sigma,
  title={Sigma: Strengthening ids with gan and metaheuristics attacks},
  author={Msika, Simon and Quintero, Alejandro and Khomh, Foutse},
  journal={arXiv preprint arXiv:1912.09303},
  year={2019}
}
@article{kang2022cwgan,
  title={A CWGAN-GP-based multi-task learning model for consumer credit scoring},
  author={Kang, Yanzhe and Chen, Liao and Jia, Ning and Wei, Wei and Deng, Jiang and Qian, Haizhang},
  journal={Expert Systems with Applications},
  volume={206},
  pages={117650},
  year={2022},
  publisher={Elsevier}
}
@article{zheng2024semres,
  title={SEMRes-DDPM: Residual Network Based Diffusion Modelling Applied to Imbalanced Data},
  author={Zheng, Ming and Yang, Yang and Zhao, Zhi-Hang and Gan, Shan-Chao and Chen, Yang and Ni, Si-Kai and Lu, Yang},
  journal={arXiv preprint arXiv:2403.05918},
  year={2024}
}
@inproceedings{lo2022graphsage,
  title={E-graphsage: A graph neural network based intrusion detection system for iot},
  author={Lo, Wai Weng and Layeghy, Siamak and Sarhan, Mohanad and Gallagher, Marcus and Portmann, Marius},
  booktitle={NOMS 2022-2022 IEEE/IFIP Network Operations and Management Symposium},
  pages={1--9},
  year={2022},
  organization={IEEE}
}
@article{rigatti2017random,
  title={Random forest},
  author={Rigatti, Steven J},
  journal={Journal of Insurance Medicine},
  volume={47},
  number={1},
  pages={31--39},
  year={2017},
  publisher={American Academy of Insurance Medicine 1700 Magnavox Way, Fort Wayne, IN 46804}
}
@inproceedings{sarhan2021netflow,
  title={Netflow datasets for machine learning-based network intrusion detection systems},
  author={Sarhan, Mohanad and Layeghy, Siamak and Moustafa, Nour and Portmann, Marius},
  booktitle={Big Data Technologies and Applications: 10th EAI International Conference, BDTA 2020, and 13th EAI International Conference on Wireless Internet, WiCON 2020, Virtual Event, December 11, 2020, Proceedings 10},
  pages={117--135},
  year={2021},
  organization={Springer}
}
@article{sarhan2022evaluating,
  title={Evaluating Standard Feature Sets Towards Increased Generalisability and Explainability of ML-based Network Intrusion Detection. arXiv 2021},
  author={Sarhan, Mohanad and Layeghy, Siamak and Portmann, Marius},
  journal={arXiv preprint arXiv:2104.07183},
  year={2022}
}
@article{abdel2021semi,
  title={Semi-supervised spatiotemporal deep learning for intrusions detection in IoT networks},
  author={Abdel-Basset, Mohamed and Hawash, Hossam and Chakrabortty, Ripon K and Ryan, Michael J},
  journal={IEEE Internet of Things Journal},
  volume={8},
  number={15},
  pages={12251--12265},
  year={2021},
  publisher={IEEE}
}

